@article{bep2011nedtrain,
	author = {E.J.A.M. Bruurs and C. van de Louw},
	title = {Onderhoudsplanner Nedtrain},
	year = {2011},
	url = {http://repository.tudelft.nl/assets/uuid:36003616-9966-44a4-b4c0-b703d90d5b06/Bachelorproject-Edwin_Bruurs-1358200-Cis_vd_Louw-1358340.pdf},
	keywords = {Scheduling, train maintenance, visualisatie}
}

@article{bep2012nedtrain,
	author = {E. Ammerlaan and J.A. Elfers and E.M.P. Walraven and W.C. Wisse},
	title = {Visualisatie en ondersteuning bij planning en scheduling},
	year = {2012},
	url = {http://repository.tudelft.nl/assets/uuid:18b14a62-a799-4478-b59a-fb020a054624/eindverslag.pdf},
	keywords = {Scheduling, train maintenance, visualisatie}
}

@article{blazewicz1983scheduling,
	author = {J. Blazewicz and J.K. Lenstra and A.H.G. Rinnooy Kan},
	title = {Scheduling subject to resource constraints: classification and complexity},
	journal = {Discrete Applied Mathematics},
	volume = {5},
	number = {1},
	pages = {11--24},
	year = {1983},
	issn = {0166-218X},
	doi = {http://dx.doi.org/10.1016/0166-218X(83)90012-4},
	url = {http://www.sciencedirect.com/science/article/pii/0166218X83900124},
}

@inproceedings{lombardi2010constraint,
	author = {Lombardi, Michele and Milano, Michela},
	title = {Constraint Based Scheduling to Deal with Uncertain Durations and Self-timed Execution},
	booktitle = {Proceedings of the 16th International Conference on Principles and Practice of Constraint Programming},
	series = {CP'10},
	year = {2010},
	isbn = {3-642-15395-X, 978-3-642-15395-2},
	location = {St. Andrews, Scotland},
	pages = {383--397},
	numpages = {15},
	url = {http://dl.acm.org/citation.cfm?id=1886008.1886043},
	acmid = {1886043},
	publisher = {Springer-Verlag},
	address = {Berlin, Heidelberg},
}

@misc{NedTrainSite,
  title = {NedTrain},
  howpublished = {\url{http://www.nedtrain.nl/}},
  note = {Geraadpleegd: 28 Mei 2014}
}

@article{sigmanual,
  title={SIG/T{\"U}ViT Evaluation Criteria Trusted Product Maintainability: Guidance for producers Version 6.1},
  author={Visser, Joost},
  journal={Software Improvement Group},
  year={2014}
}

@incollection{policella2004generating,
  title={Generating robust partial order schedules},
  author={Policella, Nicola and Oddi, Angelo and Smith, Stephen F and Cesta, Amedeo},
  booktitle={Principles and Practice of Constraint Programming--CP 2004},
  pages={496--511},
  year={2004},
  publisher={Springer}
}

@article{policella2007precedence,
	author = {Policella, Nicola and Cesta, Amedeo and Oddi, Angelo and Smith, Stephen F.},
	title = {From Precedence Constraint Posting to Partial Order Schedules: A {CSP} Approach to Robust Scheduling},
	journal = {AI Commun.},
	volume = {20},
	number = {3},
	year = {2007},
	issn = {0921-7126},
	pages = {163--180},
	numpages = {18},
	url = {http://dl.acm.org/citation.cfm?id=1365527.1365531},
	acmid = {1365531},
	publisher = {IOS Press},
	address = {Amsterdam, The Netherlands, The Netherlands},
	keywords = {Scheduling, constraint programming, robustness},
}

@article{ronaldevers2010,
	author = {R.P. Evers},
	title = {Algorithms for Scheduling of Train Maintenance},
	year = {2010},
	url = {http://repository.tudelft.nl/assets/uuid:f488ea95-f560-46f3-869e-66c6e095103c/thesis_ronald_evers_final.pdf},
	keywords = {Scheduling, train maintenance, algorithms}
}

@book{schwaber2011,
	author = {K. Schwaber and J. Sutherland},
	year = {2011},
	title = {The Scrum Guide},
	keywords = {Scrum},
}

@book{seminarium2014,
	author = {C. Bakker and A. Bouter and M. den Hoedt and W. Meerkerk},
	year = {2014},
	title = {Resource Constrained Project Scheduling},
	keywords = {Scheduling, train maintenance, visualisatie},
}

@inproceedings{wilson2013flexibility,
	author = {Wilson, Michel and Klos, Tomas and Witteveen, Cees and Huisman, Bob},
	title = {Flexibility and Decoupling in the Simple Temporal Problem},
	booktitle = {Proceedings of the Twenty-Third International Joint Conference on Artificial Intelligence},
	series = {IJCAI'13},
	year = {2013},
	isbn = {978-1-57735-633-2},
	location = {Beijing, China},
	pages = {2422--2428},
	numpages = {7},
	url = {http://dl.acm.org/citation.cfm?id=2540128.2540476},
	acmid = {2540476},
	publisher = {AAAI Press},
}
