**** Initial papers ****

@article{policella2007precedence,
	author = {Policella, Nicola and Cesta, Amedeo and Oddi, Angelo and Smith, Stephen F.},
	title = {From Precedence Constraint Posting to Partial Order Schedules: A {CSP} Approach to Robust Scheduling},
	journal = {AI Commun.},
	volume = {20},
	number = {3},
	year = {2007},
	issn = {0921-7126},
	pages = {163--180},
	numpages = {18},
	url = {http://dl.acm.org/citation.cfm?id=1365527.1365531},
	acmid = {1365531},
	publisher = {IOS Press},
	address = {Amsterdam, The Netherlands, The Netherlands},
	keywords = {Scheduling, constraint programming, robustness},
}

@inproceedings{lombardi2010constraint,
	author = {Lombardi, Michele and Milano, Michela},
	title = {Constraint Based Scheduling to Deal with Uncertain Durations and Self-timed Execution},
	booktitle = {Proceedings of the 16th International Conference on Principles and Practice of Constraint Programming},
	series = {CP'10},
	year = {2010},
	isbn = {3-642-15395-X, 978-3-642-15395-2},
	location = {St. Andrews, Scotland},
	pages = {383--397},
	numpages = {15},
	url = {http://dl.acm.org/citation.cfm?id=1886008.1886043},
	acmid = {1886043},
	publisher = {Springer-Verlag},
	address = {Berlin, Heidelberg},
}

@inproceedings{wilson2013flexibility,
	author = {Wilson, Michel and Klos, Tomas and Witteveen, Cees and Huisman, Bob},
	title = {Flexibility and Decoupling in the Simple Temporal Problem},
	booktitle = {Proceedings of the Twenty-Third International Joint Conference on Artificial Intelligence},
	series = {IJCAI'13},
	year = {2013},
	isbn = {978-1-57735-633-2},
	location = {Beijing, China},
	pages = {2422--2428},
	numpages = {7},
	url = {http://dl.acm.org/citation.cfm?id=2540128.2540476},
	acmid = {2540476},
	publisher = {AAAI Press},
}

**** Additional papers ****

@article{ahmad2012transformation,
	author = {M. Ahmad and M. Gourgand and C. Caux},
	title = {Transformation of Course Timetabling Problem to {RCPSP}},
	volume = {6},
	number = {8},
	year = {2012},
	pages = {1871--1876},
	ee = {http://waset.org/publications/1082},
	url = {http://waset.org/Publications?p=68},
	bibsource = {http://waset.org/Publications},
	issn = {1307-6892},
	publisher = {World Academy of Science, Engineering and Technology},
	index = {International Science Index 68, 2012},
}

@article{blazewicz1983scheduling,
	author = {J. Blazewicz and J.K. Lenstra and A.H.G. Rinnooy Kan},
	title = {Scheduling subject to resource constraints: classification and complexity},
	journal = {Discrete Applied Mathematics},
	volume = {5},
	number = {1},
	pages = {11--24},
	year = {1983},
	issn = {0166-218X},
	doi = {http://dx.doi.org/10.1016/0166-218X(83)90012-4},
	url = {http://www.sciencedirect.com/science/article/pii/0166218X83900124},
}

@article{brucker1998branch,
	author = {Peter Brucker and Sigrid Knust and Arno Schoo and Olaf Thiele},
	title = {A branch and bound algorithm for the resource-constrained project scheduling problem},
	journal = {European Journal of Operational Research},
	volume = {107},
	number = {2},
	pages = {272--288},
	year = {1998},
	issn = {0377-2217},
	doi = {http://dx.doi.org/10.1016/S0377-2217(97)00335-4},
	url = {http://www.sciencedirect.com/science/article/pii/S0377221797003354},
}

@article{brucker1999resource,
	author = {Peter Brucker and Andreas Drexl and Rolf M{\"o}hring and Klaus Neumann and Erwin Pesch},
	title = {Resource-constrained project scheduling: Notation, classification, models, and methods},
	journal = {European Journal of Operational Research},
	volume = {112},
	number = {1},
	pages = {3--41},
	year = {1999},
	issn = {0377-2217},
	doi = {http://dx.doi.org/10.1016/S0377-2217(98)00204-5},
	url = {http://www.sciencedirect.com/science/article/pii/S0377221798002045},
}

@inproceedings{cesta1999iterative,
	author = {Cesta, Amedeo and Oddi, Angelo and Smith, Stephen F.},
	title = {An Iterative Sampling Procedure for Resource Constrained Project Scheduling With Time Windows},
	booktitle = {Proceedings of the 16th International Joint Conference on Artificial Intelligence - Volume 2},
	series = {IJCAI'99},
	year = {1999},
	location = {Stockholm, Sweden},
	pages = {1022--1029},
	numpages = {8},
	url = {http://dl.acm.org/citation.cfm?id=1624312.1624365},
	acmid = {1624365},
	publisher = {Morgan Kaufmann Publishers Inc.},
	address = {San Francisco, CA, USA},
}

@article{chtourou2008two,
	author = {Chtourou, H{\'e}di and Haouari, Mohamed},
	title = {A Two-stage-priority-rule-based Algorithm for Robust Resource-constrained Project Scheduling},
	journal = {Comput. Ind. Eng.},
	volume = {55},
	number = {1},
	year = {2008},
	issn = {0360-8352},
	pages = {183--194},
	numpages = {12},
	url = {http://dx.doi.org/10.1016/j.cie.2007.11.017},
	doi = {10.1016/j.cie.2007.11.017},
	acmid = {1380364},
	publisher = {Pergamon Press, Inc.},
	address = {Tarrytown, NY, USA},
	keywords = {Priority rules, Resource-constrained project scheduling, Robustness, Stability, Two-stage algorithm},
}

@article{dechter1991temporal,
	author = {Dechter, Rina and Meiri, Itay and Pearl, Judea},
	title = {Temporal Constraint Networks},
	journal = {Artif. Intell.},
	volume = {49},
	number = {1-3},
	year = {1991},
	issn = {0004-3702},
	pages = {61--95},
	numpages = {35},
	url = {http://dx.doi.org/10.1016/0004-3702(91)90006-6},
	doi = {10.1016/0004-3702(91)90006-6},
	acmid = {120554},
	publisher = {Elsevier Science Publishers Ltd.},
	address = {Essex, UK},
}

@article{demeulemeester1997branch,
  title={A branch-and-bound procedure for the generalized resource-constrained project scheduling problem},
  author={Demeulemeester, Erik L and Herroelen, Willy S},
  journal={Operations Research},
  volume={45},
  number={2},
  pages={201--212},
  year={1997},
  publisher={INFORMS}
}

@article{fang2012effective,
	author = {Fang, Chen and Wang, Ling},
	title = {An Effective Shuffled Frog-leaping Algorithm for Resource-constrained Project Scheduling Problem},
	journal = {Comput. Oper. Res.},
	volume = {39},
	number = {5},
	year = {2012},
	issn = {0305-0548},
	pages = {890--901},
	numpages = {12},
	url = {http://dx.doi.org/10.1016/j.cor.2011.07.010},
	doi = {10.1016/j.cor.2011.07.010},
	acmid = {2027620},
	publisher = {Elsevier Science Ltd.},
	address = {Oxford, UK, UK},
	keywords = {Combined local search, Design-of-experiment, Resource-based crossover, Resource-constrained project scheduling, Shuffled frog-leaping algorithm, Speed-up evaluation},
}

@article{hartmann2010survey,
	author = {S{\"o}nke Hartmann and Dirk Briskorn},
	title = {A survey of variants and extensions of the resource-constrained project scheduling problem},
	journal = {European Journal of Operational Research},
	volume = {207},
	number = {1},
	pages = {1--14},
	year = {2010},
	issn = {0377-2217},
	doi = {http://dx.doi.org/10.1016/j.ejor.2009.11.005},
	url = {http://www.sciencedirect.com/science/article/pii/S0377221709008558},
}

@article{kolisch1996serial,
	author = {Rainer Kolisch},
	title = {Serial and parallel resource-constrained project scheduling methods revisited: Theory and computation},
	journal = {European Journal of Operational Research},
	volume = {90},
	number = {2},
	pages = {320--333},
	year = {1996},
	issn = {0377-2217},
	doi = {http://dx.doi.org/10.1016/0377-2217(95)00357-6},
	url = {http://www.sciencedirect.com/science/article/pii/0377221795003576},
}

@incollection{kolisch1999heuristic,
	author = {Kolisch, Rainer and Hartmann, S{\"o}nke},
	title = {Heuristic Algorithms for the Resource-Constrained Project Scheduling Problem: Classification and Computational Analysis},
	year = {1999},
	isbn = {978-1-4613-7529-6},
	booktitle = {Project Scheduling},
	volume = {14},
	series = {International Series in Operations Research \& Management Science},
	doi = {10.1007/978-1-4615-5533-9_7},
	url = {http://dx.doi.org/10.1007/978-1-4615-5533-9_7},
	publisher = {Springer US},
	pages = {147--178},
}

@inproceedings{laborie1995planning,
	author = {Labone, Philippe and Ghallab, Malik},
	title = {Planning with Sharable Resource Constraints},
	booktitle = {Proceedings of the 14th International Joint Conference on Artificial Intelligence - Volume 2},
	series = {IJCAI'95},
	year = {1995},
	isbn = {1-55860-363-8},
	location = {Montreal, Quebec, Canada},
	pages = {1643--1649},
	numpages = {7},
	url = {http://dl.acm.org/citation.cfm?id=1643031.1643112},
	acmid = {1643112},
	publisher = {Morgan Kaufmann Publishers Inc.},
	address = {San Francisco, CA, USA},
}

@inproceedings{laborie2005complete,
	author = {Laborie, Philippe},
	title = {Complete MCS-based Search: Application to Resource Constrained Project Scheduling},
	booktitle = {Proceedings of the 19th International Joint Conference on Artificial Intelligence},
	series = {IJCAI'05},
	year = {2005},
	location = {Edinburgh, Scotland},
	pages = {181--186},
	numpages = {6},
	url = {http://dl.acm.org/citation.cfm?id=1642293.1642322},
	acmid = {1642322},
	publisher = {Morgan Kaufmann Publishers Inc.},
	address = {San Francisco, CA, USA},
}

@article{leiserson1988mixed,
	author = {Leiserson, Charles E. and Saxe, James B.},
	title = {A Mixed-integer Linear Programming Problem Which is Efficiently Solvable},
	journal = {J. Algorithms},
	volume = {9},
	number = {1},
	year = {1988},
	issn = {0196-6774},
	pages = {114--128},
	numpages = {15},
	url = {http://dx.doi.org/10.1016/0196-6774(88)90008-9},
	doi = {10.1016/0196-6774(88)90008-9},
	acmid = {48887},
	publisher = {Academic Press, Inc.},
	address = {Duluth, MN, USA},
}

@article{lombardi2012min,
	author = {Lombardi, Michele and Milano, Michela},
	title = {A Min-flow Algorithm for Minimal Critical Set Detection in Resource Constrained Project Scheduling},
	journal = {Artif. Intell.},
	volume = {182-183},
	year = {2012},
	issn = {0004-3702},
	pages = {58--67},
	numpages = {10},
	url = {http://dx.doi.org/10.1016/j.artint.2011.12.001},
	doi = {10.1016/j.artint.2011.12.001},
	acmid = {2170007},
	publisher = {Elsevier Science Publishers Ltd.},
	address = {Essex, UK},
	keywords = {Constraint programming, Constraint-based scheduling, Min-flow algorithm, Minimal Critical Set, Precedence Constraint Posting},
}

@article{mingozzi1998exact,
	author = {Mingozzi, Aristide and Maniezzo, Vittorio and Ricciardelli, Salvatore and Bianco, Lucio},
	title = {An Exact Algorithm for the Resource-Constrained Project Scheduling Problem Based on a New Mathematical Formulation},
	journal = {Manage. Sci.},
	volume = {44},
	number = {5},
	year = {1998},
	issn = {0025-1909},
	pages = {714--729},
	numpages = {16},
	url = {http://dx.doi.org/10.1287/mnsc.44.5.714},
	doi = {10.1287/mnsc.44.5.714},
	acmid = {293907},
	publisher = {INFORMS},
	address = {Institute for Operations Research and the Management Sciences (INFORMS), Linthicum, Maryland, USA},
	keywords = {Branch-and-Bound Methods, Lower Bounds, Networks/Graphs, Project Scheduling},
}

@article{moumene2009activity,
	author = {Moumene, Khaled and Ferland, Jacques A.},
	title = {Activity list representation for a generalization of the resource-constrained project scheduling problem},
	journal = {European Journal of Operational Research},
	year = {2009},
	volume = {199},
	number = {1},
	pages = {46--54},
	url = {http://ideas.repec.org/a/eee/ejores/v199y2009i1p46-54.html},
}

@inproceedings{muscettola2002computing,
	author = {Muscettola, Nicola},
	title = {Computing the Envelope for Stepwise-Constant Resource Allocations},
	booktitle = {Proceedings of the 8th International Conference on Principles and Practice of Constraint Programming},
	series = {CP '02},
	year = {2002},
	isbn = {3-540-44120-4},
	pages = {139--154},
	numpages = {16},
	url = {http://dl.acm.org/citation.cfm?id=647489.727144},
	acmid = {727144},
	publisher = {Springer-Verlag},
	address = {London, UK},
}

@inproceedings{policella2004generating,
	author = {Policella, Nicola and Oddi, Angelo and Smith, StephenF. and Cesta, Amedeo},
	title = {Generating Robust Partial Order Schedules},
	year = {2004},
	isbn = {978-3-540-23241-4},
	booktitle = {Principles and Practice of Constraint Programming, CP 2004},
	volume = {3258},
	series = {Lecture Notes in Computer Science},
	doi = {10.1007/978-3-540-30201-8_37},
	url = {http://dx.doi.org/10.1007/978-3-540-30201-8_37},
	publisher = {Springer Berlin Heidelberg},
	pages = {496--511},
}

@article{schutt2013solving,
	author = {Schutt, Andreas and Feydy, Thibaut and Stuckey, Peter J. and Wallace, Mark G.},
	title = {Solving {RCPSP/Max} by Lazy Clause Generation},
	journal = {J. of Scheduling},
	volume = {16},
	number = {3},
	year = {2013},
	issn = {1094-6136},
	pages = {273--289},
	numpages = {17},
	url = {http://dx.doi.org/10.1007/s10951-012-0285-x},
	doi = {10.1007/s10951-012-0285-x},
	acmid = {2481267},
	publisher = {Kluwer Academic Publishers},
	address = {Hingham, MA, USA},
	keywords = {Constraint programming, Generalized precedence constraints, Lazy clause generation, Project scheduling, Resource constraints, Time windows},
}

@inproceedings{smith1993slack,
	author = {Smith, Stephen F. and Cheng, Cheng-Chung},
	title = {Slack-based Heuristics for Constraint Satisfaction Scheduling},
	booktitle = {Proceedings of the Eleventh National Conference on Artificial Intelligence},
	series = {AAAI'93},
	year = {1993},
	isbn = {0-262-51071-5},
	location = {Washington, D.C.},
	pages = {139--144},
	numpages = {6},
	url = {http://dl.acm.org/citation.cfm?id=1867270.1867292},
	acmid = {1867292},
	publisher = {AAAI Press},
}

@article{sprecher1995semi,
	author = {Arno Sprecher and Rainer Kolisch and Andreas Drexl},
	title = {Semi-active, active, and non-delay schedules for the resource-constrained project scheduling problem},
	journal = {European Journal of Operational Research},
	volume = {80},
	number = {1},
	pages = {94--102},
	year = {1995},
	issn = {0377-2217},
	doi = {http://dx.doi.org/10.1016/0377-2217(93)E0294-8},
	url = {http://www.sciencedirect.com/science/article/pii/0377221793E02948},
}
